{1:F01FOOBARXXAXXX0000000000}{2:I940FOOBARXXXXXXN}{4:
:20:ABC123456530012
:25:987654321
:28C:00046/00001
:60F:C180312JPY15459988,
:61:3454543545CY1234,NTRFNONREF//AABB-01111
:86:/OP/ﾄｸﾃｲﾋｶﾂﾄﾞｳﾎｳｼﾞ
ﾞｱﾀｲﾍｲﾖｳｾﾝﾀ- AFEISEOHFIOSEIOIRT
VNRWINWNGWRIGNWIORNGIWRNIGNWORGNORNGIRIOGNJ /OI/ﾐﾄ
ﾓ ｶﾝﾀﾞ MOFRBGEOEBTIBD MNEJFO /EDI//REF/AABB-01111
:62F:C180312JPY17062895,
:64:C180312JPY17062895,
:86:/ABD/BANKJPJT   
-}